<collection xmlns="http://www.loc.gov/MARC21/slim">
<record>
  <leader>02143nam0a2200349 i 450 </leader>
  <controlfield tag="001">IT\ICCU\CNCE\017546</controlfield>
  <controlfield tag="005">20030919000000.0</controlfield>
  <datafield tag="012" ind1=" " ind2=" ">
    <subfield code="a">reo, inno inoe sel&apos; (3) 1593 (A)</subfield>
    <subfield code="2">fei</subfield>
  </datafield>
  <datafield tag="100" ind1=" " ind2=" ">
    <subfield code="a">19970101d1593        0itac0103    ba</subfield>
  </datafield>
  <datafield tag="101" ind1=" " ind2=" ">
    <subfield code="a">ITA</subfield>
    <subfield code="a">LAT</subfield>
  </datafield>
  <datafield tag="102" ind1=" " ind2=" ">
    <subfield code="a">IT</subfield>
  </datafield>
  <datafield tag="200" ind1="1" ind2=" ">
    <subfield code="a">Predica della sepoltura di Giesu Christo nostro Signore, fatta nella sala maggiore della venerabile Confraternit ̉della morte in Ferrara, dal r.p. don Gio. Battista Domenichi ferrarese canonico regolare della Congregatione del Saluatore, nel sabbato santo dell&apos;anno MDLXXXIII. Alla presenza dell&apos;illustriss. signor conte Hercole Estense Tassoni all&apos;hora ministro prudentissimo di ess</subfield>
  </datafield>
  <datafield tag="210" ind1=" " ind2=" ">
    <subfield code="a">In Ferrara</subfield>
    <subfield code="c">appresso Benedetto Mammarello</subfield>
    <subfield code="d">1593</subfield>
  </datafield>
  <datafield tag="215" ind1=" " ind2=" ">
    <subfield code="a">\4!, 107, \1! p.</subfield>
    <subfield code="d">4ʻ</subfield>
  </datafield>
  <datafield tag="620" ind1=" " ind2=" ">
    <subfield code="a">IT</subfield>
    <subfield code="d">Ferrara</subfield>
  </datafield>
  <datafield tag="700" ind1=" " ind2="1">
    <subfield code="a">Domenichi,</subfield>
    <subfield code="b">Giovanni Battista</subfield>
    <subfield code="3">IT\ICCU\CNCA\004888</subfield>
  </datafield>
  <datafield tag="712" ind1="0" ind2="0">
    <subfield code="a">Mammarello, Benedetto</subfield>
    <subfield code="3">IT\ICCU\CNCT\000052</subfield>
    <subfield code="4">650</subfield>
  </datafield>
  <datafield tag="790" ind1=" " ind2="1">
    <subfield code="a">Domenichi,</subfield>
    <subfield code="b">Giambattista</subfield>
    <subfield code="3">IT\ICCU\CNCA\022583</subfield>
    <subfield code="z">Domenichi, Giovanni Battista</subfield>
  </datafield>
  <datafield tag="791" ind1="0" ind2="0">
    <subfield code="a">Mamarellus, Benedictus</subfield>
    <subfield code="3">IT\ICCU\CNCT\003950</subfield>
    <subfield code="z">Mammarello, Benedetto</subfield>
  </datafield>
  <datafield tag="791" ind1="0" ind2="0">
    <subfield code="a">Mammarelli, Benedetto</subfield>
    <subfield code="3">IT\ICCU\CNCT\004988</subfield>
    <subfield code="z">Mammarello, Benedetto</subfield>
  </datafield>
  <datafield tag="791" ind1="0" ind2="0">
    <subfield code="a">Mammarellus, Benedictus</subfield>
    <subfield code="3">IT\ICCU\CNCT\004989</subfield>
    <subfield code="z">Mammarello, Benedetto</subfield>
  </datafield>
  <datafield tag="791" ind1="0" ind2="0">
    <subfield code="a">Mamarello, Benedetto</subfield>
    <subfield code="3">IT\ICCU\CNCT\004990</subfield>
    <subfield code="z">Mammarello, Benedetto</subfield>
  </datafield>
  <datafield tag="801" ind1=" " ind2="3">
    <subfield code="a">IT</subfield>
    <subfield code="b">ICCU</subfield>
    <subfield code="c">20201114</subfield>
  </datafield>
  <datafield tag="899" ind1=" " ind2=" ">
    <subfield code="a">Biblioteca comunale dell&apos;Archiginnasio. Bologna</subfield>
    <subfield code="1">BO0304</subfield>
    <subfield code="2">UBO GA</subfield>
  </datafield>
  <datafield tag="899" ind1=" " ind2=" ">
    <subfield code="a">Biblioteca comunale Ariostea. Ferrara</subfield>
    <subfield code="1">FE0017</subfield>
    <subfield code="2">UFE AR</subfield>
  </datafield>
  <datafield tag="899" ind1=" " ind2=" ">
    <subfield code="a">Biblioteca dell&apos;Abbazia di Vallombrosa. Reggello</subfield>
    <subfield code="1">FI0167</subfield>
    <subfield code="2">RT1 BC</subfield>
  </datafield>
  <datafield tag="899" ind1=" " ind2=" ">
    <subfield code="a">Biblioteca nazionale Vittorio Emanuele III. Napoli</subfield>
    <subfield code="1">NA0079</subfield>
    <subfield code="2">NAP BN</subfield>
  </datafield>
  <datafield tag="899" ind1=" " ind2=" ">
    <subfield code="a">Biblioteca comunale Passerini Landi. Piacenza</subfield>
    <subfield code="1">PC0030</subfield>
    <subfield code="2">PIA PL</subfield>
  </datafield>
  <datafield tag="899" ind1=" " ind2=" ">
    <subfield code="a">Biblioteca comunale Augusta. Perugia</subfield>
    <subfield code="1">PG0109</subfield>
    <subfield code="2">UM1 01</subfield>
  </datafield>
  <datafield tag="899" ind1=" " ind2=" ">
    <subfield code="a">Biblioteca  Panizzi. Reggio Emilia</subfield>
    <subfield code="1">RE0052</subfield>
    <subfield code="2">RE2 PA</subfield>
  </datafield>
  <datafield tag="911" ind1=" " ind2=" ">
    <subfield code="a">Sul front.</subfield>
    <subfield code="9">IT\ICCU\CNCM\000098</subfield>
  </datafield>
  <datafield tag="921" ind1=" " ind2=" ">
    <subfield code="a">IT\ICCU\CNCM\000098</subfield>
    <subfield code="b">Pellicano si squarcia il petto per nutrire i piccoli. In cornice</subfield>
    <subfield code="e">Quid non cogit amor.</subfield>
    <subfield code="c">Q10</subfield>
    <subfield code="c">V57</subfield>
    <subfield code="c">Z952</subfield>
    <subfield code="d">Dimensioni: 6,5 x 5,8</subfield>
    <subfield code="f">PELLICANO</subfield>
    <subfield code="f">QUIDNONCOG</subfield>
    <subfield code="g">1583-1594</subfield>
  </datafield>
</record>
</collection>
